@article{coenen2015elm,
  author = {Coenen, Jan Willem and Arnoux, G and Bazylev, B and
    Matthews, GF and Autricque, A and Balboa, I and Clever, M and
    Dejarnac, R and Coffey, I and Corre, Y and {others}},
  publisher = {IOP Publishing},
  title = {ELM-Induced Transient Tungsten Melting in the {JET} Divertor},
  journal = {Nuclear fusion},
  volume = {55},
  number = {2},
  pages = {023010},
  year = {2015}
}
@article{herring1949thermionic,
  author = {Herring, Conyers and Nichols, MH},
  publisher = {APS},
  title = {Thermionic Emission},
  journal = {Reviews of modern physics},
  volume = {21},
  number = {2},
  pages = {185},
  year = {1949}
}
@article{krieger2018experiments,
  author = {Krieger, K and Balden, M and Coenen, JW and Laggner, Florian
    and Matthews, GF and Nille, D and Rohde, V and Sieglin, B and
    Giannone, L and Göths, B and {others}},
  publisher = {IOP Publishing},
  title = {Experiments on Transient Melting of Tungsten by {ELMs} in
    {ASDEX} Upgrade},
  journal = {Nuclear fusion},
  volume = {58},
  number = {2},
  pages = {026024},
  year = {2018}
}
@article{campanell2018alternative,
  author = {Campanell, Michael D},
  publisher = {APS},
  title = {Alternative Model of Space-Charge-Limited Thermionic Current
    Flow Through a Plasma},
  journal = {Physical Review E},
  volume = {97},
  number = {4},
  pages = {043207},
  year = {2018}
}
@article{moritz2023thermionic,
  title={Thermionic emission of a tungsten surface in high heat flux plasma: PIC simulations},
  author={Moritz, J{\'e}r{\^o}me and Heuraux, St{\'e}phane and Lemoine, Nicolas and Lesur, Maxime and Gravier, Etienne and Brochard, F and Marot, L and Hiret, P},
  journal={Physics of Plasmas},
  volume={30},
  number={8},
  year={2023},
  publisher={AIP Publishing}
}

@article{moritz2024simulated,
  author = {Moritz, J and Heuraux, S and Lesur, M and Gravier, E and
    Brochard, F and Marot, L and Hiret, P},
  publisher = {Elsevier},
  title = {Simulated Temperature of a Tungsten Spot Facing Large Plasma
    Heat Loads},
  journal = {Nuclear Materials and Energy},
  volume = {41},
  pages = {101753},
  year = {2024}
}
@article{campanell2020possible,
  title={Possible mitigation of tokamak plasma--surface interactions using thermionic divertor plates with inverse sheaths},
  author={Campanell, MD},
  journal={Physics of Plasmas},
  volume={27},
  number={4},
  year={2020},
  publisher={AIP Publishing}
}
@article{chabert2014size,
  title={What is the size of a floating sheath?},
  author={Chabert, Pascal},
  journal={Plasma Sources Science and Technology},
  volume={23},
  number={6},
  pages={065042},
  year={2014},
  publisher={IOP Publishing}
}
@article{campanell2016strongly,
  title={Strongly emitting surfaces unable to float below plasma potential},
  author={Campanell, MD and Umansky, MV},
  journal={Physical review letters},
  volume={116},
  number={8},
  pages={085003},
  year={2016},
  publisher={APS}
}
@article{godyak2002smooth,
  title={Smooth plasma-sheath transition in a hydrodynamic model},
  author={Godyak, Valery A and Sternberg, Natalia},
  journal={IEEE Transactions on Plasma Science},
  volume={18},
  number={1},
  pages={159--168},
  year={2002},
  publisher={IEEE}
}
@article{soukhanovskii23rd,
  title={23rd IAEA Fusion Energy Conference Daejon, Korea Rep. of, 11-16 October 2010},
  author={Soukhanovskii, VA and Ahn, JW and Bell, MG and Bell, RE and Gates, DA and Gerhardt, S and Kaita, R and Kolemen, E and Kugel, HW and LeBlanc, BP and others}
}
@article{laggner2016high,
  title={High frequency magnetic fluctuations correlated with the inter-ELM pedestal evolution in ASDEX Upgrade},
  author={Laggner, FM and Wolfrum, Elisabeth and Cavedon, M and Mink, F and Viezzer, E and Dunne, MG and Manz, P and Doerk, H and Birkenmeier, G and Fischer, R and others},
  journal={Plasma Physics and Controlled Fusion},
  volume={58},
  number={6},
  pages={065005},
  year={2016},
  publisher={IOP Publishing}
}
@article{langmuir1913effect,
  title={The effect of space charge and residual gases on thermionic currents in high vacuum},
  author={Langmuir, Irving},
  journal={Physical Review},
  volume={2},
  number={6},
  pages={450},
  year={1913},
  publisher={APS}
}
@article{sheehan2014effects,
  title={Effects of emitted electron temperature on the plasma sheath},
  author={Sheehan, JP and Kaganovich, ID and Wang, He and Sydorenko, D and Raitses, Y and Hershkowitz, N},
  journal={Physics of Plasmas},
  volume={21},
  number={6},
  year={2014},
  publisher={AIP Publishing}
}

@article{schwager1993effects,
  author = {Schwager, LA},
  publisher = {American Institute of Physics},
  title = {Effects of Secondary and Thermionic Electron Emission on the
    Collector and Source Sheaths of a Finite Ion Temperature Plasma
    Using Kinetic Theory and Numerical Simulation},
  journal = {Physics of Fluids B: Plasma Physics},
  volume = {5},
  number = {2},
  pages = {631-645},
  year = {1993}
}
@article{stephens1999sheath,
  author = {Stephens, KF and Ordonez, CA},
  publisher = {American Institute of Physics},
  title = {Sheath and Presheath Potentials for Anode, Cathode and
    Floating Plasma-Facing Surfaces},
  journal = {Journal of applied physics},
  volume = {85},
  number = {5},
  pages = {2522-2527},
  year = {1999}
}

@article{motojima2015iter,
  title={The ITER project construction status},
  author={Motojima, O},
  journal={Nuclear Fusion},
  volume={55},
  number={10},
  pages={104023},
  year={2015},
  publisher={IOP Publishing}
}

@article{takamura1998heat,
  title={Heat flows through plasma sheaths},
  author={Takamura, Shuichi and Ye, MY and Kuwabara, T and Ohno, N},
  journal={physics of plasmas},
  volume={5},
  number={5},
  pages={2151--2158},
  year={1998},
  publisher={American Institute of Physics}
}


@article{takamura2004space,
  author = {Takamura, SHUICHI and Ohno, N and Ye, MY and Kuwabara, T},
  publisher = {Wiley Online Library},
  title = {Space-Charge Limited Current from Plasma-Facing Material
    Surface},
  journal = {Contributions to Plasma Physics},
  volume = {44},
  number = {1-3},
  pages = {126-137},
  year = {2004}
}
@article{dunne2014impact,
  author = {Dunne, MG and Rathgeber, S and Burckhart, A and Fischer, R
    and Giannone, L and McCarthy, PJ and Schneider, PA and Wolfrum, E
    and Team, ASDEX Upgrade and {others}},
  publisher = {IOP Publishing},
  title = {Impact of Te and Ne on Edge Current Density Profiles in {ELM}
    Mitigated Regimes on {ASDEX} Upgrade},
  journal = {Nuclear Fusion},
  volume = {55},
  number = {1},
  pages = {013013},
  year = {2014}
}
@article{ou2017heat,
  title={Heat flow through a plasma sheath in the presence of secondary electron emission from plasma-wall interaction},
  author={Ou, Jing and Zhao, Xiaoyun},
  journal={Contributions to Plasma Physics},
  volume={57},
  number={2},
  pages={50--57},
  year={2017},
  publisher={Wiley Online Library}
}

@article{spolaore2017electromagnetic,
  title={Electromagnetic ELM and inter-ELM filaments detected in the COMPASS Scrape-Off Layer},
  author={Spolaore, M and Kovarik, K and Stockel, J and Adamek, J and Dejarnac, R and vDuran, I and Komm, M and Markovic, T and Martines, E and Panek, R and others},
  journal={Nuclear Materials and Energy},
  volume={12},
  pages={844--851},
  year={2017},
  publisher={Elsevier}
}
@article{myra2015radio,
  author = {Myra, James R and D’Ippolito, Daniel A},
  publisher = {AIP Publishing},
  title = {Radio Frequency Sheaths in an Oblique Magnetic Field},
  journal = {Physics of Plasmas},
  volume = {22},
  number = {6},
  year = {2015}
}
@article{merola2015engineering,
  author = {Merola, Mario and Escourbiac, Frederic and Raffray, Alphonse
    Rene and Chappuis, Philippe and Hirai, Takeshi and Gicquel, Stefan
    and Blanket, ITER and Sections, Divertor and Team, Blanket
    Integrated Product and {others}},
  publisher = {Elsevier},
  title = {Engineering Challenges and Development of the {ITER} Blanket
    System and Divertor},
  journal = {Fusion Engineering and Design},
  volume = {96},
  pages = {34-41},
  year = {2015}
}
@article{kirk2006evolution,
  author = {Kirk, Andrew and Koch, B and Scannell, Rory and Wilson, HR
    and Counsell, G and Dowling, J and Herrmann, A and Martin,
    \textless? format?\textgreater{} R and Walsh, M and team), MAST},
  publisher = {APS},
  title = {Evolution of Filament Structures During Edge-Localized Modes
    in the {MAST} Tokamak},
  journal = {Physical review letters},
  volume = {96},
  number = {18},
  pages = {185001},
  year = {2006}
}
@article{gunn2017surface,
  author = {Gunn, James P and Carpentier-Chouchana, S and Escourbiac, F
    and Hirai, T and Panayotis, S and Pitts, RA and Corre, Y and
    Dejarnac, R and Firdaouss, M and Kočan, M and {others}},
  publisher = {IOP Publishing},
  title = {Surface Heat Loads on the {ITER} Divertor Vertical Targets},
  journal = {Nuclear Fusion},
  volume = {57},
  number = {4},
  pages = {046025},
  year = {2017}
}
@book{chen1984introduction,
  author = {Chen, Francis F and {others}},
  publisher = {Springer},
  title = {Introduction to Plasma Physics and Controlled Fusion},
  volume = {1},
  year = {1984}
}
@article{kirk2004elm,
  author = {Kirk, A and Counsell, GF and Wilson, HR and Ahn, JW and
    Akers, R and Arends, ER and Dowling, J and Martin, R and Meyer, H
    and Hole, M and {others}},
  publisher = {IOP Publishing},
  title = {ELM Characteristics in {MAST}},
  journal = {Plasma physics and controlled fusion},
  volume = {46},
  number = {3},
  pages = {551},
  year = {2004}
}


@article{stangeby1984plasma,
  title={Plasma sheath transmission factors for tokamak edge plasmas},
  author={Stangeby, PC},
  journal={The Physics of fluids},
  volume={27},
  number={3},
  pages={682--690},
  year={1984},
  publisher={AIP Publishing}
}

@article{taccogna2014non,
  title={Non-classical plasma sheaths: space-charge-limited and inverse regimes under strong emission from surfaces},
  author={Taccogna, Francesco},
  journal={The European Physical Journal D},
  volume={68},
  pages={1--8},
  year={2014},
  publisher={Springer}
}
@book{stangeby2000plasma,
  author = {Stangeby, Peter C},
  publisher = {CRC Press},
  title = {The Plasma Boundary of Magnetic Fusion Devices},
  year = {2000}
}
@article{lau2001simple,
  title={Simple theory for the two-dimensional Child-Langmuir law},
  author={Lau, YY},
  journal={Physical review letters},
  volume={87},
  number={27},
  pages={278301},
  year={2001},
  publisher={APS}
}
@article{hobbs1967heat,
  author = {Hobbs, GD and Wesson, JA},
  publisher = {IOP Publishing},
  title = {Heat Flow Through a Langmuir Sheath in the Presence of
    Electron Emission},
  journal = {Plasma Physics},
  volume = {9},
  number = {1},
  pages = {85},
  year = {1967}
}
